@ONLINE
{cheng,
author = {Cheng, Alex},
title = {Six Degrees of Separation, Twitter Style},
month = April,
year = {2010},
url = {http://www.sysomos.com/insidetwitter/sixdegrees/}
}



@inproceedings{Colorni91,
    author = {Colorni, Alberto and Dorigo, Marco and Maniezzo, Vittorio},
    booktitle = {European Conference on Artificial Life},
    citeulike-article-id = {5791708},
    pages = {134--142},
    posted-at = {2009-09-16 14:40:05},
    priority = {0},
    title = {{Distributed Optimization by Ant Colonies}},
    year = {1991}
}
,
@article{watts,
  title={Collective dynamics of ``small-world'' networks},
  author={Watts, Duncan J and Strogatz, Steven H},
  journal={nature},
  volume={393},
  number={6684},
  pages={440--442},
  year={1998},
  publisher={Nature Publishing Group}
}

{Swarm intelligence,
author = {Wikipedia},
title = {Swarm intelligence},
month = January,
year = {2014},
url = {http://en.wikipedia.org/wiki/Swarm_intelligence}
}

{Six degrees of separation,
author = {Wikipedia},
title = {Six degrees of separation},
month = December,
year = {2013},
url = {http://en.wikipedia.org/wiki/Swarm_intelligence}
}